@article{bates1987competition,
  title={Competition, variation, and language learning},
  author={Bates, Elizabeth and MacWhinney, Brian},
  journal={Mechanisms of language acquisition},
  pages={157--193},
  year={1987},
 }

@article{feng2015differences,
  title={Differences in grammatical processing strategies for active and passive sentences: An fMRI study},
  author={Feng, Shiwen and Legault, Jennifer and Yang, Long and Zhu, Junwei and Shao, Keqing and Yang, Yiming},
  journal={Journal of Neurolinguistics},
  volume={33},
  pages={104--117},
  year={2015},
  publisher={Elsevier}
}


@article{ferreira2003misinterpretation,
  title={The misinterpretation of noncanonical sentences},
  author={Ferreira, Fernanda},
  journal={Cognitive psychology},
  volume={47},
  number={2},
  pages={164--203},
  year={2003},
  publisher={Elsevier}
}

@article{ferreira2002good,
  title={Good-enough representations in language comprehension},
  author={Ferreira, Fernanda and Bailey, Karl GD and Ferraro, Vittoria},
  journal={Current directions in psychological science},
  volume={11},
  number={1},
  pages={11--15},
  year={2002},
  publisher={SAGE Publications Sage CA: Los Angeles, CA}
}

@article{harrington1987processing,
  title={Processing transfer: Language-specific processing strategies as a source of interlanguage variation},
  author={Harrington, Michael},
  journal={Applied Psycholinguistics},
  volume={8},
  number={4},
  pages={351--377},
  year={1987},
  publisher={Cambridge University Press}
}

@article{huang2013children,
  title={Childrenâ€™s assignment of grammatical roles in the online processing of Mandarin passive sentences},
  author={Huang, Yi Ting and Zheng, Xiaobei and Meng, Xiangzhi and Snedeker, Jesse},
  journal={Journal of memory and language},
  volume={69},
  number={4},
  pages={589--606},
  year={2013},
  publisher={Elsevier}
}

@article{li1993processing,
  title={Processing a language without inflections: A reaction time study of sentence interpretation in Chinese},
  author={Li, Ping and Bates, Elizabeth and MacWhinney, Brian},
  journal={Journal of Memory and Language},
  volume={32},
  pages={169--169},
  year={1993},
  publisher={ACADEMIC PRESS INC}
}